@book{biggs1982evaluation,
  title={Evaluation the Quality of Learning: The SOLO Taxonomy (structure of the Observed Learning Outcome)},
  author={Biggs, J.B. and Collis, K.F.},
  series={Educational psychology},
  year={1982},
  publisher={Academic Press}
}

@article{lister2006not,
  title={Not seeing the forest for the trees: novice programmers and the SOLO taxonomy},
  author={Lister, Raymond and Simon, Beth and Thompson, Errol and Whalley, Jacqueline L and Prasad, Christine},
  journal={ACM SIGCSE Bulletin},
  volume={38},
  number={3},
  pages={118--122},
  year={2006},
  publisher={ACM}
}

@article{mccracken2001multi,
  title={A multi-national, multi-institutional study of assessment of programming skills of first-year CS students},
  author={McCracken, Michael and Almstrum, Vicki and Diaz, Danny and Guzdial, Mark and Hagan, Dianne and Kolikant, Yifat Ben-David and Laxer, Cary and Thomas, Lynda and Utting, Ian and Wilusz, Tadeusz},
  journal={ACM SIGCSE Bulletin},
  volume={33},
  number={4},
  pages={125--180},
  year={2001},
  publisher={ACM}
}

@inproceedings{Blikstein,
 author = {Blikstein, Paulo},
 title = {Using Learning Analytics to Assess Students' Behavior in Open-ended Programming Tasks},
 booktitle = {Proceedings of the 1st International Conference on Learning Analytics and Knowledge},
 series = {LAK '11},
 year = {2011},
 isbn = {978-1-4503-0944-8},
 location = {Banff, Alberta, Canada},
 pages = {110--116},
 numpages = {7},
 doi = {10.1145/2090116.2090132},
 acmid = {2090132},
 publisher = {ACM},
 address = {New York, NY, USA},
 keywords = {automated assessment, constructionism, educational data mining, learning analytics, logging},
}

@misc{redovisning,
  title = {Att skriva en bra redovisningstext},
  author={Roos, M.},
  howpublished = {\url{https://tinyurl.com/ldk7jon}},
  note = {Accessed: 2017-02-10}
}

@misc{solo,
  title = {Varför regnar det på bergssidan - ett exempel på SOLO taxonomin},
  author={Roos, M.},
  howpublished = {\url{https://tinyurl.com/mv3uewr}},
  note = {Accessed: 2017-02-10}
}
